%YAML 1.1
%TAG !u! tag:unity3d.com,2011:
--- !u!1 &8449700684744026922
GameObject:
  m_ObjectHideFlags: 0
  m_CorrespondingSourceObject: {fileID: 0}
  m_PrefabInstance: {fileID: 0}
  m_PrefabAsset: {fileID: 0}
  serializedVersion: 6
  m_Component:
  - component: {fileID: 8449700684744026923}
  - component: {fileID: 8449700684744026920}
  m_Layer: 2
  m_Name: Line
  m_TagString: Untagged
  m_Icon: {fileID: 0}
  m_NavMeshLayer: 0
  m_StaticEditorFlags: 0
  m_IsActive: 1
--- !u!4 &8449700684744026923
Transform:
  m_ObjectHideFlags: 0
  m_CorrespondingSourceObject: {fileID: 0}
  m_PrefabInstance: {fileID: 0}
  m_PrefabAsset: {fileID: 0}
  m_GameObject: {fileID: 8449700684744026922}
  m_LocalRotation: {x: 0, y: 0.7071068, z: 0, w: 0.7071068}
  m_LocalPosition: {x: 0, y: 0, z: 0}
  m_LocalScale: {x: 1, y: 1, z: 1}
  m_Children: []
  m_Father: {fileID: 8449700685137920016}
  m_RootOrder: 0
  m_LocalEulerAnglesHint: {x: 0, y: 90, z: 0}
--- !u!120 &8449700684744026920
LineRenderer:
  m_ObjectHideFlags: 0
  m_CorrespondingSourceObject: {fileID: 0}
  m_PrefabInstance: {fileID: 0}
  m_PrefabAsset: {fileID: 0}
  m_GameObject: {fileID: 8449700684744026922}
  m_Enabled: 1
  m_CastShadows: 1
  m_ReceiveShadows: 1
  m_DynamicOccludee: 1
  m_MotionVectors: 0
  m_LightProbeUsage: 0
  m_ReflectionProbeUsage: 0
  m_RayTracingMode: 0
  m_RenderingLayerMask: 1
  m_RendererPriority: 0
  m_Materials:
  - {fileID: 10306, guid: 0000000000000000f000000000000000, type: 0}
  m_StaticBatchInfo:
    firstSubMesh: 0
    subMeshCount: 0
  m_StaticBatchRoot: {fileID: 0}
  m_ProbeAnchor: {fileID: 0}
  m_LightProbeVolumeOverride: {fileID: 0}
  m_ScaleInLightmap: 1
  m_ReceiveGI: 1
  m_PreserveUVs: 0
  m_IgnoreNormalsForChartDetection: 0
  m_ImportantGI: 0
  m_StitchLightmapSeams: 1
  m_SelectedEditorRenderState: 3
  m_MinimumChartSize: 4
  m_AutoUVMaxDistance: 0.5
  m_AutoUVMaxAngle: 89
  m_LightmapParameters: {fileID: 0}
  m_SortingLayerID: 0
  m_SortingLayer: 0
  m_SortingOrder: 0
  m_Positions:
  - {x: 0, y: 0, z: 0}
  - {x: 0, y: 0, z: 1}
  m_Parameters:
    serializedVersion: 3
    widthMultiplier: 0.1
    widthCurve:
      serializedVersion: 2
      m_Curve:
      - serializedVersion: 3
        time: 0
        value: 1
        inSlope: 0
        outSlope: 0
        tangentMode: 0
        weightedMode: 0
        inWeight: 0.33333334
        outWeight: 0.33333334
      m_PreInfinity: 2
      m_PostInfinity: 2
      m_RotationOrder: 4
    colorGradient:
      serializedVersion: 2
      key0: {r: 1, g: 0, b: 0, a: 1}
      key1: {r: 1, g: 0, b: 0, a: 1}
      key2: {r: 0, g: 0, b: 0, a: 0}
      key3: {r: 0, g: 0, b: 0, a: 0}
      key4: {r: 0, g: 0, b: 0, a: 0}
      key5: {r: 0, g: 0, b: 0, a: 0}
      key6: {r: 0, g: 0, b: 0, a: 0}
      key7: {r: 0, g: 0, b: 0, a: 0}
      ctime0: 0
      ctime1: 65535
      ctime2: 0
      ctime3: 0
      ctime4: 0
      ctime5: 0
      ctime6: 0
      ctime7: 0
      atime0: 0
      atime1: 65535
      atime2: 0
      atime3: 0
      atime4: 0
      atime5: 0
      atime6: 0
      atime7: 0
      m_Mode: 0
      m_NumColorKeys: 2
      m_NumAlphaKeys: 2
    numCornerVertices: 0
    numCapVertices: 0
    alignment: 0
    textureMode: 0
    shadowBias: 0.5
    generateLightingData: 0
  m_UseWorldSpace: 0
  m_Loop: 0
--- !u!1 &8449700684768713403
GameObject:
  m_ObjectHideFlags: 0
  m_CorrespondingSourceObject: {fileID: 0}
  m_PrefabInstance: {fileID: 0}
  m_PrefabAsset: {fileID: 0}
  serializedVersion: 6
  m_Component:
  - component: {fileID: 8449700684768713400}
  - component: {fileID: 8449700684768713401}
  m_Layer: 2
  m_Name: Line (2)
  m_TagString: Untagged
  m_Icon: {fileID: 0}
  m_NavMeshLayer: 0
  m_StaticEditorFlags: 0
  m_IsActive: 1
--- !u!4 &8449700684768713400
Transform:
  m_ObjectHideFlags: 0
  m_CorrespondingSourceObject: {fileID: 0}
  m_PrefabInstance: {fileID: 0}
  m_PrefabAsset: {fileID: 0}
  m_GameObject: {fileID: 8449700684768713403}
  m_LocalRotation: {x: -0.7071068, y: 0, z: 0, w: 0.7071068}
  m_LocalPosition: {x: 0, y: 0, z: -0}
  m_LocalScale: {x: 1, y: 1, z: 1}
  m_Children: []
  m_Father: {fileID: 8449700685137920016}
  m_RootOrder: 2
  m_LocalEulerAnglesHint: {x: -90, y: 0, z: 0}
--- !u!120 &8449700684768713401
LineRenderer:
  m_ObjectHideFlags: 0
  m_CorrespondingSourceObject: {fileID: 0}
  m_PrefabInstance: {fileID: 0}
  m_PrefabAsset: {fileID: 0}
  m_GameObject: {fileID: 8449700684768713403}
  m_Enabled: 1
  m_CastShadows: 1
  m_ReceiveShadows: 1
  m_DynamicOccludee: 1
  m_MotionVectors: 0
  m_LightProbeUsage: 0
  m_ReflectionProbeUsage: 0
  m_RayTracingMode: 0
  m_RenderingLayerMask: 1
  m_RendererPriority: 0
  m_Materials:
  - {fileID: 10306, guid: 0000000000000000f000000000000000, type: 0}
  m_StaticBatchInfo:
    firstSubMesh: 0
    subMeshCount: 0
  m_StaticBatchRoot: {fileID: 0}
  m_ProbeAnchor: {fileID: 0}
  m_LightProbeVolumeOverride: {fileID: 0}
  m_ScaleInLightmap: 1
  m_ReceiveGI: 1
  m_PreserveUVs: 0
  m_IgnoreNormalsForChartDetection: 0
  m_ImportantGI: 0
  m_StitchLightmapSeams: 1
  m_SelectedEditorRenderState: 3
  m_MinimumChartSize: 4
  m_AutoUVMaxDistance: 0.5
  m_AutoUVMaxAngle: 89
  m_LightmapParameters: {fileID: 0}
  m_SortingLayerID: 0
  m_SortingLayer: 0
  m_SortingOrder: 0
  m_Positions:
  - {x: 0, y: 0, z: 0}
  - {x: 0, y: 0, z: 1}
  m_Parameters:
    serializedVersion: 3
    widthMultiplier: 0.1
    widthCurve:
      serializedVersion: 2
      m_Curve:
      - serializedVersion: 3
        time: 0
        value: 1
        inSlope: 0
        outSlope: 0
        tangentMode: 0
        weightedMode: 0
        inWeight: 0.33333334
        outWeight: 0.33333334
      m_PreInfinity: 2
      m_PostInfinity: 2
      m_RotationOrder: 4
    colorGradient:
      serializedVersion: 2
      key0: {r: 0, g: 1, b: 0, a: 1}
      key1: {r: 0, g: 1, b: 0, a: 1}
      key2: {r: 0, g: 0, b: 0, a: 0}
      key3: {r: 0, g: 0, b: 0, a: 0}
      key4: {r: 0, g: 0, b: 0, a: 0}
      key5: {r: 0, g: 0, b: 0, a: 0}
      key6: {r: 0, g: 0, b: 0, a: 0}
      key7: {r: 0, g: 0, b: 0, a: 0}
      ctime0: 0
      ctime1: 65535
      ctime2: 0
      ctime3: 0
      ctime4: 0
      ctime5: 0
      ctime6: 0
      ctime7: 0
      atime0: 0
      atime1: 65535
      atime2: 0
      atime3: 0
      atime4: 0
      atime5: 0
      atime6: 0
      atime7: 0
      m_Mode: 0
      m_NumColorKeys: 2
      m_NumAlphaKeys: 2
    numCornerVertices: 0
    numCapVertices: 0
    alignment: 0
    textureMode: 0
    shadowBias: 0.5
    generateLightingData: 0
  m_UseWorldSpace: 0
  m_Loop: 0
--- !u!1 &8449700685137920019
GameObject:
  m_ObjectHideFlags: 0
  m_CorrespondingSourceObject: {fileID: 0}
  m_PrefabInstance: {fileID: 0}
  m_PrefabAsset: {fileID: 0}
  serializedVersion: 6
  m_Component:
  - component: {fileID: 8449700685137920016}
  m_Layer: 2
  m_Name: Arrows
  m_TagString: Untagged
  m_Icon: {fileID: 0}
  m_NavMeshLayer: 0
  m_StaticEditorFlags: 0
  m_IsActive: 1
--- !u!4 &8449700685137920016
Transform:
  m_ObjectHideFlags: 0
  m_CorrespondingSourceObject: {fileID: 0}
  m_PrefabInstance: {fileID: 0}
  m_PrefabAsset: {fileID: 0}
  m_GameObject: {fileID: 8449700685137920019}
  m_LocalRotation: {x: -0, y: -0, z: -0, w: 1}
  m_LocalPosition: {x: 0, y: 0, z: 0}
  m_LocalScale: {x: 1, y: 3, z: 1.5}
  m_Children:
  - {fileID: 8449700684744026923}
  - {fileID: 8449700685936437627}
  - {fileID: 8449700684768713400}
  m_Father: {fileID: 8449700685355639816}
  m_RootOrder: 0
  m_LocalEulerAnglesHint: {x: 0, y: 0, z: 0}
--- !u!1 &8449700685355639812
GameObject:
  m_ObjectHideFlags: 0
  m_CorrespondingSourceObject: {fileID: 0}
  m_PrefabInstance: {fileID: 0}
  m_PrefabAsset: {fileID: 0}
  serializedVersion: 6
  m_Component:
  - component: {fileID: 8449700685355639816}
  - component: {fileID: 8449700685355639819}
  - component: {fileID: 8449700685355639818}
  - component: {fileID: 8449700685355639813}
  - component: {fileID: 7584998270065552142}
  m_Layer: 2
  m_Name: Body
  m_TagString: Untagged
  m_Icon: {fileID: 0}
  m_NavMeshLayer: 0
  m_StaticEditorFlags: 0
  m_IsActive: 1
--- !u!4 &8449700685355639816
Transform:
  m_ObjectHideFlags: 0
  m_CorrespondingSourceObject: {fileID: 0}
  m_PrefabInstance: {fileID: 0}
  m_PrefabAsset: {fileID: 0}
  m_GameObject: {fileID: 8449700685355639812}
  m_LocalRotation: {x: 0, y: 0, z: 0, w: 1}
  m_LocalPosition: {x: 0, y: 0, z: 0}
  m_LocalScale: {x: 1.5, y: 0.5, z: 1}
  m_Children:
  - {fileID: 8449700685137920016}
  - {fileID: 8449700686207186942}
  m_Father: {fileID: 0}
  m_RootOrder: 0
  m_LocalEulerAnglesHint: {x: 0, y: 0, z: 0}
--- !u!33 &8449700685355639819
MeshFilter:
  m_ObjectHideFlags: 0
  m_CorrespondingSourceObject: {fileID: 0}
  m_PrefabInstance: {fileID: 0}
  m_PrefabAsset: {fileID: 0}
  m_GameObject: {fileID: 8449700685355639812}
  m_Mesh: {fileID: 10202, guid: 0000000000000000e000000000000000, type: 0}
--- !u!23 &8449700685355639818
MeshRenderer:
  m_ObjectHideFlags: 0
  m_CorrespondingSourceObject: {fileID: 0}
  m_PrefabInstance: {fileID: 0}
  m_PrefabAsset: {fileID: 0}
  m_GameObject: {fileID: 8449700685355639812}
  m_Enabled: 1
  m_CastShadows: 1
  m_ReceiveShadows: 1
  m_DynamicOccludee: 1
  m_MotionVectors: 1
  m_LightProbeUsage: 1
  m_ReflectionProbeUsage: 1
  m_RayTracingMode: 2
  m_RenderingLayerMask: 1
  m_RendererPriority: 0
  m_Materials:
  - {fileID: 2100000, guid: dfb5bba5819b94446a6bf830af9fc371, type: 2}
  m_StaticBatchInfo:
    firstSubMesh: 0
    subMeshCount: 0
  m_StaticBatchRoot: {fileID: 0}
  m_ProbeAnchor: {fileID: 0}
  m_LightProbeVolumeOverride: {fileID: 0}
  m_ScaleInLightmap: 1
  m_ReceiveGI: 1
  m_PreserveUVs: 0
  m_IgnoreNormalsForChartDetection: 0
  m_ImportantGI: 0
  m_StitchLightmapSeams: 1
  m_SelectedEditorRenderState: 3
  m_MinimumChartSize: 4
  m_AutoUVMaxDistance: 0.5
  m_AutoUVMaxAngle: 89
  m_LightmapParameters: {fileID: 0}
  m_SortingLayerID: 0
  m_SortingLayer: 0
  m_SortingOrder: 0
--- !u!65 &8449700685355639813
BoxCollider:
  m_ObjectHideFlags: 0
  m_CorrespondingSourceObject: {fileID: 0}
  m_PrefabInstance: {fileID: 0}
  m_PrefabAsset: {fileID: 0}
  m_GameObject: {fileID: 8449700685355639812}
  m_Material: {fileID: 0}
  m_IsTrigger: 0
  m_Enabled: 1
  serializedVersion: 2
  m_Size: {x: 1, y: 1, z: 1}
  m_Center: {x: 0, y: 0, z: 0}
--- !u!114 &7584998270065552142
MonoBehaviour:
  m_ObjectHideFlags: 0
  m_CorrespondingSourceObject: {fileID: 0}
  m_PrefabInstance: {fileID: 0}
  m_PrefabAsset: {fileID: 0}
  m_GameObject: {fileID: 8449700685355639812}
  m_Enabled: 1
  m_EditorHideFlags: 0
  m_Script: {fileID: 11500000, guid: aff6c0db16d243f498bd96a44eca7ab6, type: 3}
  m_Name: 
  m_EditorClassIdentifier: 
  LegSlotsList: []
--- !u!1 &8449700685936437626
GameObject:
  m_ObjectHideFlags: 0
  m_CorrespondingSourceObject: {fileID: 0}
  m_PrefabInstance: {fileID: 0}
  m_PrefabAsset: {fileID: 0}
  serializedVersion: 6
  m_Component:
  - component: {fileID: 8449700685936437627}
  - component: {fileID: 8449700685936437624}
  m_Layer: 2
  m_Name: Line (1)
  m_TagString: Untagged
  m_Icon: {fileID: 0}
  m_NavMeshLayer: 0
  m_StaticEditorFlags: 0
  m_IsActive: 1
--- !u!4 &8449700685936437627
Transform:
  m_ObjectHideFlags: 0
  m_CorrespondingSourceObject: {fileID: 0}
  m_PrefabInstance: {fileID: 0}
  m_PrefabAsset: {fileID: 0}
  m_GameObject: {fileID: 8449700685936437626}
  m_LocalRotation: {x: 0, y: 0, z: 0, w: 1}
  m_LocalPosition: {x: 0, y: 0, z: 0}
  m_LocalScale: {x: 1, y: 1, z: 1}
  m_Children: []
  m_Father: {fileID: 8449700685137920016}
  m_RootOrder: 1
  m_LocalEulerAnglesHint: {x: 0, y: 0, z: 0}
--- !u!120 &8449700685936437624
LineRenderer:
  m_ObjectHideFlags: 0
  m_CorrespondingSourceObject: {fileID: 0}
  m_PrefabInstance: {fileID: 0}
  m_PrefabAsset: {fileID: 0}
  m_GameObject: {fileID: 8449700685936437626}
  m_Enabled: 1
  m_CastShadows: 1
  m_ReceiveShadows: 1
  m_DynamicOccludee: 1
  m_MotionVectors: 0
  m_LightProbeUsage: 0
  m_ReflectionProbeUsage: 0
  m_RayTracingMode: 0
  m_RenderingLayerMask: 1
  m_RendererPriority: 0
  m_Materials:
  - {fileID: 10306, guid: 0000000000000000f000000000000000, type: 0}
  m_StaticBatchInfo:
    firstSubMesh: 0
    subMeshCount: 0
  m_StaticBatchRoot: {fileID: 0}
  m_ProbeAnchor: {fileID: 0}
  m_LightProbeVolumeOverride: {fileID: 0}
  m_ScaleInLightmap: 1
  m_ReceiveGI: 1
  m_PreserveUVs: 0
  m_IgnoreNormalsForChartDetection: 0
  m_ImportantGI: 0
  m_StitchLightmapSeams: 1
  m_SelectedEditorRenderState: 3
  m_MinimumChartSize: 4
  m_AutoUVMaxDistance: 0.5
  m_AutoUVMaxAngle: 89
  m_LightmapParameters: {fileID: 0}
  m_SortingLayerID: 0
  m_SortingLayer: 0
  m_SortingOrder: 0
  m_Positions:
  - {x: 0, y: 0, z: 0}
  - {x: 0, y: 0, z: 1}
  m_Parameters:
    serializedVersion: 3
    widthMultiplier: 0.1
    widthCurve:
      serializedVersion: 2
      m_Curve:
      - serializedVersion: 3
        time: 0
        value: 1
        inSlope: 0
        outSlope: 0
        tangentMode: 0
        weightedMode: 0
        inWeight: 0.33333334
        outWeight: 0.33333334
      m_PreInfinity: 2
      m_PostInfinity: 2
      m_RotationOrder: 4
    colorGradient:
      serializedVersion: 2
      key0: {r: 0, g: 0, b: 1, a: 1}
      key1: {r: 0, g: 0, b: 1, a: 1}
      key2: {r: 0, g: 0, b: 0, a: 0}
      key3: {r: 0, g: 0, b: 0, a: 0}
      key4: {r: 0, g: 0, b: 0, a: 0}
      key5: {r: 0, g: 0, b: 0, a: 0}
      key6: {r: 0, g: 0, b: 0, a: 0}
      key7: {r: 0, g: 0, b: 0, a: 0}
      ctime0: 0
      ctime1: 65535
      ctime2: 0
      ctime3: 0
      ctime4: 0
      ctime5: 0
      ctime6: 0
      ctime7: 0
      atime0: 0
      atime1: 65535
      atime2: 0
      atime3: 0
      atime4: 0
      atime5: 0
      atime6: 0
      atime7: 0
      m_Mode: 0
      m_NumColorKeys: 2
      m_NumAlphaKeys: 2
    numCornerVertices: 0
    numCapVertices: 0
    alignment: 0
    textureMode: 0
    shadowBias: 0.5
    generateLightingData: 0
  m_UseWorldSpace: 0
  m_Loop: 0
--- !u!1 &8449700686207186937
GameObject:
  m_ObjectHideFlags: 0
  m_CorrespondingSourceObject: {fileID: 0}
  m_PrefabInstance: {fileID: 0}
  m_PrefabAsset: {fileID: 0}
  serializedVersion: 6
  m_Component:
  - component: {fileID: 8449700686207186942}
  - component: {fileID: 5745189384520735076}
  m_Layer: 2
  m_Name: LegSlotsPivot
  m_TagString: Untagged
  m_Icon: {fileID: 0}
  m_NavMeshLayer: 0
  m_StaticEditorFlags: 0
  m_IsActive: 1
--- !u!4 &8449700686207186942
Transform:
  m_ObjectHideFlags: 0
  m_CorrespondingSourceObject: {fileID: 0}
  m_PrefabInstance: {fileID: 0}
  m_PrefabAsset: {fileID: 0}
  m_GameObject: {fileID: 8449700686207186937}
  m_LocalRotation: {x: 0, y: 0, z: 0, w: 1}
  m_LocalPosition: {x: 0, y: -0.4, z: 0}
  m_LocalScale: {x: 1, y: 1, z: 1}
  m_Children:
  - {fileID: 8449700684559206667}
  - {fileID: 9181517550206349484}
  - {fileID: 6222101322803105300}
  - {fileID: 4538018757367324688}
  m_Father: {fileID: 8449700685355639816}
  m_RootOrder: 1
  m_LocalEulerAnglesHint: {x: 0, y: 0, z: 0}
--- !u!114 &5745189384520735076
MonoBehaviour:
  m_ObjectHideFlags: 0
  m_CorrespondingSourceObject: {fileID: 0}
  m_PrefabInstance: {fileID: 0}
  m_PrefabAsset: {fileID: 0}
  m_GameObject: {fileID: 8449700686207186937}
  m_Enabled: 1
  m_EditorHideFlags: 0
  m_Script: {fileID: 11500000, guid: 57fd9e51ef068994e81d9f928e146fcd, type: 3}
  m_Name: 
  m_EditorClassIdentifier: 
--- !u!1001 &3077554204323550335
PrefabInstance:
  m_ObjectHideFlags: 0
  serializedVersion: 2
  m_Modification:
    m_TransformParent: {fileID: 8449700686207186942}
    m_Modifications:
    - target: {fileID: 1463638244133925998, guid: 220d25c6df32065448ac6d56000cfefc,
        type: 3}
      propertyPath: m_Name
      value: BR_LegSlot
      objectReference: {fileID: 0}
    - target: {fileID: 1463638244133925998, guid: 220d25c6df32065448ac6d56000cfefc,
        type: 3}
      propertyPath: m_Layer
      value: 2
      objectReference: {fileID: 0}
    - target: {fileID: 1463638244133925999, guid: 220d25c6df32065448ac6d56000cfefc,
        type: 3}
      propertyPath: m_RootOrder
      value: 3
      objectReference: {fileID: 0}
    - target: {fileID: 1463638244133925999, guid: 220d25c6df32065448ac6d56000cfefc,
        type: 3}
      propertyPath: m_LocalPosition.x
      value: -0.4
      objectReference: {fileID: 0}
    - target: {fileID: 1463638244133925999, guid: 220d25c6df32065448ac6d56000cfefc,
        type: 3}
      propertyPath: m_LocalPosition.y
      value: 0
      objectReference: {fileID: 0}
    - target: {fileID: 1463638244133925999, guid: 220d25c6df32065448ac6d56000cfefc,
        type: 3}
      propertyPath: m_LocalPosition.z
      value: -0.4
      objectReference: {fileID: 0}
    - target: {fileID: 1463638244133925999, guid: 220d25c6df32065448ac6d56000cfefc,
        type: 3}
      propertyPath: m_LocalRotation.w
      value: 1
      objectReference: {fileID: 0}
    - target: {fileID: 1463638244133925999, guid: 220d25c6df32065448ac6d56000cfefc,
        type: 3}
      propertyPath: m_LocalRotation.x
      value: -0
      objectReference: {fileID: 0}
    - target: {fileID: 1463638244133925999, guid: 220d25c6df32065448ac6d56000cfefc,
        type: 3}
      propertyPath: m_LocalRotation.y
      value: -0
      objectReference: {fileID: 0}
    - target: {fileID: 1463638244133925999, guid: 220d25c6df32065448ac6d56000cfefc,
        type: 3}
      propertyPath: m_LocalRotation.z
      value: -0
      objectReference: {fileID: 0}
    - target: {fileID: 1463638244133925999, guid: 220d25c6df32065448ac6d56000cfefc,
        type: 3}
      propertyPath: m_LocalEulerAnglesHint.x
      value: 0
      objectReference: {fileID: 0}
    - target: {fileID: 1463638244133925999, guid: 220d25c6df32065448ac6d56000cfefc,
        type: 3}
      propertyPath: m_LocalEulerAnglesHint.y
      value: 0
      objectReference: {fileID: 0}
    - target: {fileID: 1463638244133925999, guid: 220d25c6df32065448ac6d56000cfefc,
        type: 3}
      propertyPath: m_LocalEulerAnglesHint.z
      value: 0
      objectReference: {fileID: 0}
    - target: {fileID: 3886783552534083791, guid: 220d25c6df32065448ac6d56000cfefc,
        type: 3}
      propertyPath: m_Positions.Array.data[0].x
      value: -0.6
      objectReference: {fileID: 0}
    - target: {fileID: 3886783552534083791, guid: 220d25c6df32065448ac6d56000cfefc,
        type: 3}
      propertyPath: m_Positions.Array.data[0].y
      value: -1.3050001
      objectReference: {fileID: 0}
    - target: {fileID: 3886783552534083791, guid: 220d25c6df32065448ac6d56000cfefc,
        type: 3}
      propertyPath: m_Positions.Array.data[0].z
      value: -0.4
      objectReference: {fileID: 0}
    - target: {fileID: 3886783552534083791, guid: 220d25c6df32065448ac6d56000cfefc,
        type: 3}
      propertyPath: m_Positions.Array.data[1].x
      value: -0.6
      objectReference: {fileID: 0}
    - target: {fileID: 3886783552534083791, guid: 220d25c6df32065448ac6d56000cfefc,
        type: 3}
      propertyPath: m_Positions.Array.data[1].y
      value: -0.2
      objectReference: {fileID: 0}
    - target: {fileID: 3886783552534083791, guid: 220d25c6df32065448ac6d56000cfefc,
        type: 3}
      propertyPath: m_Positions.Array.data[1].z
      value: -0.4
      objectReference: {fileID: 0}
    - target: {fileID: 5365547262760190833, guid: 220d25c6df32065448ac6d56000cfefc,
        type: 3}
      propertyPath: m_Layer
      value: 2
      objectReference: {fileID: 0}
    - target: {fileID: 5795727438598665745, guid: 220d25c6df32065448ac6d56000cfefc,
        type: 3}
      propertyPath: MaxThreshold
      value: 1.1
      objectReference: {fileID: 0}
    - target: {fileID: 5795727438598665745, guid: 220d25c6df32065448ac6d56000cfefc,
        type: 3}
      propertyPath: MinThreshold
      value: 0.7
      objectReference: {fileID: 0}
    - target: {fileID: 8264693140023857109, guid: 220d25c6df32065448ac6d56000cfefc,
        type: 3}
      propertyPath: m_Layer
      value: 2
      objectReference: {fileID: 0}
    m_RemovedComponents: []
  m_SourcePrefab: {fileID: 100100000, guid: 220d25c6df32065448ac6d56000cfefc, type: 3}
--- !u!4 &4538018757367324688 stripped
Transform:
  m_CorrespondingSourceObject: {fileID: 1463638244133925999, guid: 220d25c6df32065448ac6d56000cfefc,
    type: 3}
  m_PrefabInstance: {fileID: 3077554204323550335}
  m_PrefabAsset: {fileID: 0}
--- !u!1001 &4762199357735680635
PrefabInstance:
  m_ObjectHideFlags: 0
  serializedVersion: 2
  m_Modification:
    m_TransformParent: {fileID: 8449700686207186942}
    m_Modifications:
    - target: {fileID: 1463638244133925998, guid: 220d25c6df32065448ac6d56000cfefc,
        type: 3}
      propertyPath: m_Name
      value: FL_LegSlot
      objectReference: {fileID: 0}
    - target: {fileID: 1463638244133925998, guid: 220d25c6df32065448ac6d56000cfefc,
        type: 3}
      propertyPath: m_Layer
      value: 2
      objectReference: {fileID: 0}
    - target: {fileID: 1463638244133925999, guid: 220d25c6df32065448ac6d56000cfefc,
        type: 3}
      propertyPath: m_RootOrder
      value: 2
      objectReference: {fileID: 0}
    - target: {fileID: 1463638244133925999, guid: 220d25c6df32065448ac6d56000cfefc,
        type: 3}
      propertyPath: m_LocalPosition.x
      value: -0.4
      objectReference: {fileID: 0}
    - target: {fileID: 1463638244133925999, guid: 220d25c6df32065448ac6d56000cfefc,
        type: 3}
      propertyPath: m_LocalPosition.y
      value: 0
      objectReference: {fileID: 0}
    - target: {fileID: 1463638244133925999, guid: 220d25c6df32065448ac6d56000cfefc,
        type: 3}
      propertyPath: m_LocalPosition.z
      value: 0.4
      objectReference: {fileID: 0}
    - target: {fileID: 1463638244133925999, guid: 220d25c6df32065448ac6d56000cfefc,
        type: 3}
      propertyPath: m_LocalRotation.w
      value: 1
      objectReference: {fileID: 0}
    - target: {fileID: 1463638244133925999, guid: 220d25c6df32065448ac6d56000cfefc,
        type: 3}
      propertyPath: m_LocalRotation.x
      value: -0
      objectReference: {fileID: 0}
    - target: {fileID: 1463638244133925999, guid: 220d25c6df32065448ac6d56000cfefc,
        type: 3}
      propertyPath: m_LocalRotation.y
      value: -0
      objectReference: {fileID: 0}
    - target: {fileID: 1463638244133925999, guid: 220d25c6df32065448ac6d56000cfefc,
        type: 3}
      propertyPath: m_LocalRotation.z
      value: -0
      objectReference: {fileID: 0}
    - target: {fileID: 1463638244133925999, guid: 220d25c6df32065448ac6d56000cfefc,
        type: 3}
      propertyPath: m_LocalEulerAnglesHint.x
      value: 0
      objectReference: {fileID: 0}
    - target: {fileID: 1463638244133925999, guid: 220d25c6df32065448ac6d56000cfefc,
        type: 3}
      propertyPath: m_LocalEulerAnglesHint.y
      value: 0
      objectReference: {fileID: 0}
    - target: {fileID: 1463638244133925999, guid: 220d25c6df32065448ac6d56000cfefc,
        type: 3}
      propertyPath: m_LocalEulerAnglesHint.z
      value: 0
      objectReference: {fileID: 0}
    - target: {fileID: 3886783552534083791, guid: 220d25c6df32065448ac6d56000cfefc,
        type: 3}
      propertyPath: m_Positions.Array.data[0].x
      value: -0.6
      objectReference: {fileID: 0}
    - target: {fileID: 3886783552534083791, guid: 220d25c6df32065448ac6d56000cfefc,
        type: 3}
      propertyPath: m_Positions.Array.data[0].y
      value: -1.3050001
      objectReference: {fileID: 0}
    - target: {fileID: 3886783552534083791, guid: 220d25c6df32065448ac6d56000cfefc,
        type: 3}
      propertyPath: m_Positions.Array.data[0].z
      value: 0.4
      objectReference: {fileID: 0}
    - target: {fileID: 3886783552534083791, guid: 220d25c6df32065448ac6d56000cfefc,
        type: 3}
      propertyPath: m_Positions.Array.data[1].x
      value: -0.6
      objectReference: {fileID: 0}
    - target: {fileID: 3886783552534083791, guid: 220d25c6df32065448ac6d56000cfefc,
        type: 3}
      propertyPath: m_Positions.Array.data[1].y
      value: -0.2
      objectReference: {fileID: 0}
    - target: {fileID: 3886783552534083791, guid: 220d25c6df32065448ac6d56000cfefc,
        type: 3}
      propertyPath: m_Positions.Array.data[1].z
      value: 0.4
      objectReference: {fileID: 0}
    - target: {fileID: 5365547262760190833, guid: 220d25c6df32065448ac6d56000cfefc,
        type: 3}
      propertyPath: m_Layer
      value: 2
      objectReference: {fileID: 0}
    - target: {fileID: 5795727438598665745, guid: 220d25c6df32065448ac6d56000cfefc,
        type: 3}
      propertyPath: MaxThreshold
      value: 1.1
      objectReference: {fileID: 0}
    - target: {fileID: 5795727438598665745, guid: 220d25c6df32065448ac6d56000cfefc,
        type: 3}
      propertyPath: MinThreshold
      value: 0.7
      objectReference: {fileID: 0}
    - target: {fileID: 8264693140023857109, guid: 220d25c6df32065448ac6d56000cfefc,
        type: 3}
      propertyPath: m_Layer
      value: 2
      objectReference: {fileID: 0}
    m_RemovedComponents: []
  m_SourcePrefab: {fileID: 100100000, guid: 220d25c6df32065448ac6d56000cfefc, type: 3}
--- !u!4 &6222101322803105300 stripped
Transform:
  m_CorrespondingSourceObject: {fileID: 1463638244133925999, guid: 220d25c6df32065448ac6d56000cfefc,
    type: 3}
  m_PrefabInstance: {fileID: 4762199357735680635}
  m_PrefabAsset: {fileID: 0}
--- !u!1001 &6993172384190676324
PrefabInstance:
  m_ObjectHideFlags: 0
  serializedVersion: 2
  m_Modification:
    m_TransformParent: {fileID: 8449700686207186942}
    m_Modifications:
    - target: {fileID: 1463638244133925998, guid: 220d25c6df32065448ac6d56000cfefc,
        type: 3}
      propertyPath: m_Name
      value: FL_LegSlot
      objectReference: {fileID: 0}
    - target: {fileID: 1463638244133925998, guid: 220d25c6df32065448ac6d56000cfefc,
        type: 3}
      propertyPath: m_Layer
      value: 2
      objectReference: {fileID: 0}
    - target: {fileID: 1463638244133925999, guid: 220d25c6df32065448ac6d56000cfefc,
        type: 3}
      propertyPath: m_RootOrder
      value: 0
      objectReference: {fileID: 0}
    - target: {fileID: 1463638244133925999, guid: 220d25c6df32065448ac6d56000cfefc,
        type: 3}
      propertyPath: m_LocalPosition.x
      value: 0.40000004
      objectReference: {fileID: 0}
    - target: {fileID: 1463638244133925999, guid: 220d25c6df32065448ac6d56000cfefc,
        type: 3}
      propertyPath: m_LocalPosition.y
      value: 0
      objectReference: {fileID: 0}
    - target: {fileID: 1463638244133925999, guid: 220d25c6df32065448ac6d56000cfefc,
        type: 3}
      propertyPath: m_LocalPosition.z
      value: 0.4
      objectReference: {fileID: 0}
    - target: {fileID: 1463638244133925999, guid: 220d25c6df32065448ac6d56000cfefc,
        type: 3}
      propertyPath: m_LocalRotation.w
      value: 1
      objectReference: {fileID: 0}
    - target: {fileID: 1463638244133925999, guid: 220d25c6df32065448ac6d56000cfefc,
        type: 3}
      propertyPath: m_LocalRotation.x
      value: -0
      objectReference: {fileID: 0}
    - target: {fileID: 1463638244133925999, guid: 220d25c6df32065448ac6d56000cfefc,
        type: 3}
      propertyPath: m_LocalRotation.y
      value: -0
      objectReference: {fileID: 0}
    - target: {fileID: 1463638244133925999, guid: 220d25c6df32065448ac6d56000cfefc,
        type: 3}
      propertyPath: m_LocalRotation.z
      value: -0
      objectReference: {fileID: 0}
    - target: {fileID: 1463638244133925999, guid: 220d25c6df32065448ac6d56000cfefc,
        type: 3}
      propertyPath: m_LocalEulerAnglesHint.x
      value: 0
      objectReference: {fileID: 0}
    - target: {fileID: 1463638244133925999, guid: 220d25c6df32065448ac6d56000cfefc,
        type: 3}
      propertyPath: m_LocalEulerAnglesHint.y
      value: 0
      objectReference: {fileID: 0}
    - target: {fileID: 1463638244133925999, guid: 220d25c6df32065448ac6d56000cfefc,
        type: 3}
      propertyPath: m_LocalEulerAnglesHint.z
      value: 0
      objectReference: {fileID: 0}
    - target: {fileID: 3886783552534083791, guid: 220d25c6df32065448ac6d56000cfefc,
        type: 3}
      propertyPath: m_Positions.Array.data[0].x
      value: 0.6
      objectReference: {fileID: 0}
    - target: {fileID: 3886783552534083791, guid: 220d25c6df32065448ac6d56000cfefc,
        type: 3}
      propertyPath: m_Positions.Array.data[0].y
      value: -1.3050001
      objectReference: {fileID: 0}
    - target: {fileID: 3886783552534083791, guid: 220d25c6df32065448ac6d56000cfefc,
        type: 3}
      propertyPath: m_Positions.Array.data[0].z
      value: 0.4
      objectReference: {fileID: 0}
    - target: {fileID: 3886783552534083791, guid: 220d25c6df32065448ac6d56000cfefc,
        type: 3}
      propertyPath: m_Positions.Array.data[1].x
      value: 0.6
      objectReference: {fileID: 0}
    - target: {fileID: 3886783552534083791, guid: 220d25c6df32065448ac6d56000cfefc,
        type: 3}
      propertyPath: m_Positions.Array.data[1].y
      value: -0.2
      objectReference: {fileID: 0}
    - target: {fileID: 3886783552534083791, guid: 220d25c6df32065448ac6d56000cfefc,
        type: 3}
      propertyPath: m_Positions.Array.data[1].z
      value: 0.4
      objectReference: {fileID: 0}
    - target: {fileID: 5365547262760190833, guid: 220d25c6df32065448ac6d56000cfefc,
        type: 3}
      propertyPath: m_Layer
      value: 2
      objectReference: {fileID: 0}
    - target: {fileID: 5795727438598665745, guid: 220d25c6df32065448ac6d56000cfefc,
        type: 3}
      propertyPath: MaxThreshold
      value: 1.1
      objectReference: {fileID: 0}
    - target: {fileID: 5795727438598665745, guid: 220d25c6df32065448ac6d56000cfefc,
        type: 3}
      propertyPath: MinThreshold
      value: 0.7
      objectReference: {fileID: 0}
    - target: {fileID: 8264693140023857109, guid: 220d25c6df32065448ac6d56000cfefc,
        type: 3}
      propertyPath: m_Layer
      value: 2
      objectReference: {fileID: 0}
    m_RemovedComponents: []
  m_SourcePrefab: {fileID: 100100000, guid: 220d25c6df32065448ac6d56000cfefc, type: 3}
--- !u!4 &8449700684559206667 stripped
Transform:
  m_CorrespondingSourceObject: {fileID: 1463638244133925999, guid: 220d25c6df32065448ac6d56000cfefc,
    type: 3}
  m_PrefabInstance: {fileID: 6993172384190676324}
  m_PrefabAsset: {fileID: 0}
--- !u!1001 &7720487708976940227
PrefabInstance:
  m_ObjectHideFlags: 0
  serializedVersion: 2
  m_Modification:
    m_TransformParent: {fileID: 8449700686207186942}
    m_Modifications:
    - target: {fileID: 1463638244133925998, guid: 220d25c6df32065448ac6d56000cfefc,
        type: 3}
      propertyPath: m_Name
      value: FR_LegSlot
      objectReference: {fileID: 0}
    - target: {fileID: 1463638244133925998, guid: 220d25c6df32065448ac6d56000cfefc,
        type: 3}
      propertyPath: m_Layer
      value: 2
      objectReference: {fileID: 0}
    - target: {fileID: 1463638244133925999, guid: 220d25c6df32065448ac6d56000cfefc,
        type: 3}
      propertyPath: m_RootOrder
      value: 1
      objectReference: {fileID: 0}
    - target: {fileID: 1463638244133925999, guid: 220d25c6df32065448ac6d56000cfefc,
        type: 3}
      propertyPath: m_LocalPosition.x
      value: 0.40000004
      objectReference: {fileID: 0}
    - target: {fileID: 1463638244133925999, guid: 220d25c6df32065448ac6d56000cfefc,
        type: 3}
      propertyPath: m_LocalPosition.y
      value: 0
      objectReference: {fileID: 0}
    - target: {fileID: 1463638244133925999, guid: 220d25c6df32065448ac6d56000cfefc,
        type: 3}
      propertyPath: m_LocalPosition.z
      value: -0.4
      objectReference: {fileID: 0}
    - target: {fileID: 1463638244133925999, guid: 220d25c6df32065448ac6d56000cfefc,
        type: 3}
      propertyPath: m_LocalRotation.w
      value: 1
      objectReference: {fileID: 0}
    - target: {fileID: 1463638244133925999, guid: 220d25c6df32065448ac6d56000cfefc,
        type: 3}
      propertyPath: m_LocalRotation.x
      value: -0
      objectReference: {fileID: 0}
    - target: {fileID: 1463638244133925999, guid: 220d25c6df32065448ac6d56000cfefc,
        type: 3}
      propertyPath: m_LocalRotation.y
      value: -0
      objectReference: {fileID: 0}
    - target: {fileID: 1463638244133925999, guid: 220d25c6df32065448ac6d56000cfefc,
        type: 3}
      propertyPath: m_LocalRotation.z
      value: -0
      objectReference: {fileID: 0}
    - target: {fileID: 1463638244133925999, guid: 220d25c6df32065448ac6d56000cfefc,
        type: 3}
      propertyPath: m_LocalEulerAnglesHint.x
      value: 0
      objectReference: {fileID: 0}
    - target: {fileID: 1463638244133925999, guid: 220d25c6df32065448ac6d56000cfefc,
        type: 3}
      propertyPath: m_LocalEulerAnglesHint.y
      value: 0
      objectReference: {fileID: 0}
    - target: {fileID: 1463638244133925999, guid: 220d25c6df32065448ac6d56000cfefc,
        type: 3}
      propertyPath: m_LocalEulerAnglesHint.z
      value: 0
      objectReference: {fileID: 0}
    - target: {fileID: 3886783552534083791, guid: 220d25c6df32065448ac6d56000cfefc,
        type: 3}
      propertyPath: m_Positions.Array.data[0].x
      value: 0.6
      objectReference: {fileID: 0}
    - target: {fileID: 3886783552534083791, guid: 220d25c6df32065448ac6d56000cfefc,
        type: 3}
      propertyPath: m_Positions.Array.data[0].y
      value: -1.3050001
      objectReference: {fileID: 0}
    - target: {fileID: 3886783552534083791, guid: 220d25c6df32065448ac6d56000cfefc,
        type: 3}
      propertyPath: m_Positions.Array.data[0].z
      value: -0.4
      objectReference: {fileID: 0}
    - target: {fileID: 3886783552534083791, guid: 220d25c6df32065448ac6d56000cfefc,
        type: 3}
      propertyPath: m_Positions.Array.data[1].x
      value: 0.6
      objectReference: {fileID: 0}
    - target: {fileID: 3886783552534083791, guid: 220d25c6df32065448ac6d56000cfefc,
        type: 3}
      propertyPath: m_Positions.Array.data[1].y
      value: -0.2
      objectReference: {fileID: 0}
    - target: {fileID: 3886783552534083791, guid: 220d25c6df32065448ac6d56000cfefc,
        type: 3}
      propertyPath: m_Positions.Array.data[1].z
      value: -0.4
      objectReference: {fileID: 0}
    - target: {fileID: 5365547262760190833, guid: 220d25c6df32065448ac6d56000cfefc,
        type: 3}
      propertyPath: m_Layer
      value: 2
      objectReference: {fileID: 0}
    - target: {fileID: 5795727438598665745, guid: 220d25c6df32065448ac6d56000cfefc,
        type: 3}
      propertyPath: MaxThreshold
      value: 1.1
      objectReference: {fileID: 0}
    - target: {fileID: 5795727438598665745, guid: 220d25c6df32065448ac6d56000cfefc,
        type: 3}
      propertyPath: MinThreshold
      value: 0.7
      objectReference: {fileID: 0}
    - target: {fileID: 8264693140023857109, guid: 220d25c6df32065448ac6d56000cfefc,
        type: 3}
      propertyPath: m_Layer
      value: 2
      objectReference: {fileID: 0}
    m_RemovedComponents: []
  m_SourcePrefab: {fileID: 100100000, guid: 220d25c6df32065448ac6d56000cfefc, type: 3}
--- !u!4 &9181517550206349484 stripped
Transform:
  m_CorrespondingSourceObject: {fileID: 1463638244133925999, guid: 220d25c6df32065448ac6d56000cfefc,
    type: 3}
  m_PrefabInstance: {fileID: 7720487708976940227}
  m_PrefabAsset: {fileID: 0}
